@book{latex:companion,
  author    = {Sommerville, Ian},
  year      = {2016},
  title     = {Software Engineering},
  publisher = {},
  edition   = {10th}
}

@misc{visual-paradigm,
  author = {{Visual Paradigm}},
  title  = {Visual Paradigm Tutorial on UML Diagrams},
  url    = {https://www.visual-paradigm.com/guide},
  note   = {Accessed: \today}
}

@misc{react,
  author = {{React}},
  title  = {React Documentation},
  url    = {https://legacy.reactjs.org/docs},
  note   = {Accessed: \today}
}

@misc{nestjs,
  author = {{NestJS}},
  title  = {NestJS Documentation},
  url    = {https://docs.nestjs.com},
  note   = {Accessed: \today}
}
